<record><leader>00000cas a22000007a 4500</leader><controlfield tag="001">24123952</controlfield><controlfield tag="008">910724d19551964mouwr ne      0    0eng d</controlfield><datafield ind1=" " ind2=" " tag="010"><subfield code="a">sn 91061136 </subfield></datafield><datafield ind1=" " ind2=" " tag="040"><subfield code="a">MQN</subfield><subfield code="b">eng</subfield><subfield code="c">MQN</subfield><subfield code="d">OCLCQ</subfield></datafield><datafield ind1=" " ind2=" " tag="042"><subfield code="a">msc</subfield></datafield><datafield ind1="0" ind2="0" tag="245"><subfield code="a">Ferguson herald.</subfield></datafield><datafield ind1="3" ind2="0" tag="246"><subfield code="a">Ferguson herald-public news</subfield></datafield><datafield ind1=" " ind2=" " tag="260"><subfield code="a">Ferguson, Mo. :</subfield><subfield code="b">Ferguson Herald,</subfield><subfield code="c">1955-1964.</subfield></datafield><datafield ind1=" " ind2=" " tag="300"><subfield code="a">v.</subfield></datafield><datafield ind1=" " ind2=" " tag="310"><subfield code="a">Weekly</subfield></datafield><datafield ind1="0" ind2=" " tag="362"><subfield code="a">-v. 9, no. 11 (Feb. 26, 1964).</subfield></datafield><datafield ind1=" " ind2=" " tag="500"><subfield code="a">Published as: Ferguson herald-public news, Mar. 21-28, 1956.</subfield></datafield><datafield ind1=" " ind2=" " tag="515"><subfield code="a">Numbering is irregular.</subfield></datafield><datafield ind1=" " ind2=" " tag="588"><subfield code="a">Description based on: Vol. 1, no. 14 (Jan. 18, 1956).</subfield></datafield><datafield ind1=" " ind2="4" tag="651"><subfield code="a">Ferguson (Mo.)</subfield><subfield code="v">Newspapers.</subfield></datafield><datafield ind1=" " ind2="4" tag="651"><subfield code="a">Saint Louis County (Mo.)</subfield><subfield code="v">Newspapers.</subfield></datafield><datafield ind1=" " ind2=" " tag="752"><subfield code="a">United States</subfield><subfield code="b">Missouri</subfield><subfield code="c">Saint Louis</subfield><subfield code="d">Ferguson.</subfield></datafield><datafield ind1="0" ind2="0" tag="785"><subfield code="t">Neighborhood times</subfield></datafield><datafield ind1="1" ind2=" " tag="029"><subfield code="a">AU@</subfield><subfield code="b">000025898008</subfield></datafield></record>